@inproceedings{kawaguchi2009type,
 author = {Kawaguchi, Ming and Rondon, Patrick and Jhala, Ranjit},
 title = {Type-based Data Structure Verification},
 booktitle = {PLDI},
 year = {2009},
}
@inproceedings{suenaga2009fractional,
  title={Fractional ownerships for safe memory deallocation},
  author={Suenaga, Kohei and Kobayashi, Naoki},
  booktitle={Asian Symposium on Programming Languages and Systems},
  pages={128--143},
  year={2009},
  organization={Springer}
}
